=LDR  02198nkm a2200421 a 450
=003  ltRAAR
=040  \\$altRAAR
=005  20161004181628.0
=100  \\$aBlake, Marion$epht
=245  00$a[Canistro. Ancient bridge, S of Fucine Lake (Canistro, Italy)]$h[graphic]
=260  \\$a1947-1961
=300  \\$bblack & white :$c10 x 13 cm.
=500  \\$aThe Blake collection is an accurate survey, mostly on Italian mosaics. It consists of photographs, personal notes, drawings, postcards and manuscripts. {0A}Photographs are mostly on ancient roman roads.
=506  \\$aClosed access material (Archive)$uhttp://photoarchive.aarome.org/index/use.html
=540  \\$aPublication restricted (AAR copyright)$uhttp://photoarchive.aarome.org/index/rights.html
=650  \4$aBridges -- Construction
=651  \4$aFucino, Lago del
=700  \\$aBlake, Marion
=710  2\$aAmerican Academy in Rome

